transaction_id,date,total_sales,total_expenses,profit,location
2530538,11/27/2022,4705.88,1241.83,3464.05,New York
1648522,11/30/2022,3144.54,3564.07,-419.53,New York
8130261,12/7/2022,644.07,723.38,-79.31,Chicago
2894884,6/7/2022,7068.2,2807.35,4260.85,Los Angeles
2296272,12/27/2022,2223.94,4534.63,-2310.69,Miami
8829486,7/22/2022,3582.46,3087.52,494.94,New York
8569303,2/28/2022,3920.4,732.24,3188.16,Los Angeles
0867222,9/9/2022,2166.23,1321.25,844.98,Chicago
2075279,5/23/2022,1671.48,4739.59,-3068.11,New York
5660418,9/28/2022,7797.95,1077.94,6720.01,Miami
7257988,9/19/2022,3851.71,3742.85,108.86,Chicago
9634615,5/23/2022,4002.29,1945.16,2057.13,Miami
9208508,4/6/2022,1219.88,4818.42,-3598.54,Los Angeles
8904529,2/3/2022,9375.68,2240.68,7135.0,New York
6550639,7/25/2022,3263.64,816.94,2446.7,Miami
4642485,1/25/2022,9022.37,402.59,8619.78,Los Angeles
9323218,5/12/2022,4820.25,4157.43,662.82,Miami
9298141,1/27/2022,5562.7,3593.66,1969.04,Miami
1513930,1/6/2022,5921.67,2235.78,3685.89,Chicago
3792706,3/20/2022,9955.42,4028.13,5927.29,New York
7491931,6/21/2022,9549.78,2262.01,7287.77,Miami
4643436,10/2/2022,6059.27,220.68,5838.59,Miami
2851319,9/30/2022,272.7,2275.21,-2002.51,New York
4984705,8/12/2022,7622.67,2991.43,4631.24,Los Angeles
6774880,9/5/2022,2435.79,3636.22,-1200.43,Los Angeles
6014948,3/11/2022,8499.18,1580.83,6918.35,New York
9934155,8/26/2022,1546.74,4934.31,-3387.57,Chicago
3889059,12/16/2022,2563.92,4487.09,-1923.17,Chicago
9532018,4/2/2022,5756.5,2554.23,3202.27,Chicago
5412953,4/6/2022,7316.9,3191.93,4124.97,New York
7886076,9/13/2022,3006.28,3955.02,-948.74,Miami
8998051,4/28/2022,8676.07,2023.37,6652.7,Chicago
7557597,10/3/2022,6235.98,1874.24,4361.74,Chicago
3150021,9/9/2022,9453.6,4439.67,5013.93,Miami
4956481,7/16/2022,2903.29,4915.6,-2012.31,Los Angeles
3169086,7/18/2022,3699.41,2504.1,1195.31,Miami
5860806,10/4/2022,120.13,2402.57,-2282.44,Miami
1812059,10/9/2022,4433.14,4523.36,-90.22,Los Angeles
4041145,4/21/2022,842.96,2351.65,-1508.69,Chicago
4597570,1/30/2022,6616.83,1841.94,4774.89,Chicago
2512125,6/19/2022,2030.7,958.86,1071.84,Chicago
3269018,1/20/2022,3273.83,832.63,2441.2,Los Angeles
4010380,6/13/2022,6402.66,2577.05,3825.61,New York
6843166,3/16/2022,8317.28,3226.23,5091.05,Chicago
8162281,10/31/2022,214.77,1638.87,-1424.1,New York
3067405,9/11/2022,6807.69,2521.21,4286.48,Chicago
9187919,11/2/2022,9890.34,3566.3,6324.04,Chicago
1469465,7/30/2022,1086.64,2606.91,-1520.27,Chicago
1979909,2/6/2022,2608.09,4435.52,-1827.43,Miami
8522783,2/7/2022,3704.47,1129.04,2575.43,Los Angeles
4336746,5/23/2022,8675.88,2490.48,6185.4,Los Angeles
2710578,7/31/2022,2066.81,27.0,2039.81,Los Angeles
3458780,7/30/2022,3492.69,4484.6,-991.91,Miami
9551937,2/17/2022,3841.68,4125.03,-283.35,New York
3466587,6/3/2022,9528.54,1337.27,8191.27,New York
3080929,6/24/2022,8138.77,1053.84,7084.93,Los Angeles
1632378,10/12/2022,5346.76,2369.85,2976.91,Los Angeles
4570786,7/5/2022,2778.71,2864.75,-86.04,Los Angeles
7823192,7/5/2022,5791.51,1167.46,4624.05,Miami
7819128,4/3/2022,6701.68,975.61,5726.07,Miami
4323415,7/22/2022,6932.45,141.63,6790.82,Los Angeles
4083307,5/29/2022,837.22,1221.49,-384.27,New York
3173860,11/18/2022,4690.91,2874.29,1816.62,Miami
2289848,1/29/2022,6297.53,2917.65,3379.88,Miami
3042079,11/26/2022,5101.73,755.47,4346.26,Chicago
8907620,9/20/2022,4062.0,2996.66,1065.34,Miami
7612373,6/12/2022,9578.13,3203.66,6374.47,New York
7746593,5/19/2022,2938.72,2242.76,695.96,Chicago
6595459,2/12/2022,3108.56,682.78,2425.78,Miami
1634140,5/22/2022,1417.93,200.93,1217.0,Chicago
2560067,4/12/2022,7612.7,1967.82,5644.88,Miami
1440189,1/18/2022,3384.98,3098.93,286.05,Chicago
1506931,9/14/2022,1224.97,1968.51,-743.54,Chicago
5997353,10/1/2022,4846.57,3654.67,1191.9,New York
2307077,10/21/2022,7885.56,4399.07,3486.49,Los Angeles
6796400,7/22/2022,1311.99,1286.97,25.02,New York
0084389,2/19/2022,1304.05,3154.65,-1850.6,New York
8040977,11/29/2022,4511.12,644.56,3866.56,New York
9002555,8/19/2022,7278.64,4242.5,3036.14,Chicago
9466040,6/11/2022,7970.57,246.89,7723.68,Miami
3335662,8/2/2022,2882.24,205.98,2676.26,Chicago
0309596,4/23/2022,3460.64,407.62,3053.02,New York
4689517,6/18/2022,2993.06,287.58,2705.48,Miami
5669508,3/27/2022,2169.5,1611.04,558.46,Los Angeles
4376586,10/16/2022,8807.46,4346.28,4461.18,Los Angeles
7285895,3/27/2022,5688.72,4225.6,1463.12,Miami
4149701,5/14/2022,5729.69,774.05,4955.64,Miami
4528900,10/1/2022,568.31,2389.68,-1821.37,Miami
5681502,7/26/2022,1561.53,3591.95,-2030.42,Chicago
2500454,7/29/2022,2828.3,4635.45,-1807.15,Chicago
9631050,4/10/2022,3412.36,314.59,3097.77,Miami
4068066,7/9/2022,5232.1,120.08,5112.02,Miami
9771269,6/17/2022,7028.71,2732.69,4296.02,New York
0153035,11/2/2022,949.66,1262.85,-313.19,Miami
5056890,11/9/2022,8093.68,2965.11,5128.57,Los Angeles
0272209,5/23/2022,2996.15,1170.65,1825.5,Miami
0544980,7/11/2022,2123.91,1259.85,864.06,Miami
1207201,8/27/2022,5293.33,1181.79,4111.54,Miami
6470758,6/1/2022,9081.08,2672.61,6408.47,Chicago
3279326,11/22/2022,841.7,1153.92,-312.22,Miami
